@online{minesmaths, 
    Title = "MINES ParisTech",
    Url = "http://www.mines-paristech.fr/Recherche/Domaines-de-recherche/Mathematiques-et-systemes/"}
	
@online{criactivity, 
    Title = "Centre de recherche en informatique",
    Url = "https://www.cri.ensmp.fr/index.html"}
    
@online{feever, 
    Title = "Feever",
    Url = "http://feever.fr/"}

@article{soundsynthesis,
    Author = {Julius O. Smith III},
    Title = {Viewpoints on the History of Digital Synthesis},
    Year = {2005},
    Url = {https://ccrma.stanford.edu/~jos/kna/kna.pdf}}

@book{pasp,
    Author = {Julius O. Smith III},
    Title = {Physical Audio Signal Processing},
    ISBN = {9780974560724},
    Url = {https://ccrma.stanford.edu/~jos/pasp/}}

@article{quickref, 
    Author = {Grame},
    Title = {Faust Quick Reference},
    Year = {2014},
    Url = {http://faust.grame.fr/images/faust-quick-reference.pdf}}

@article{filters,
	Author = {J. O. Smith},
	Journal = {Proc. 6th Int. Linux Audio Conf (LAC2008)},
	Title = {Virtual electric guitars and effects using Faust and Octave},
	Url = {https://ccrma.stanford.edu/~jos/pdf/LAC2008-jos.pdf},
	Year = {2008}}

@online{faustsine, 
    author = "Grame",
    title = "A Sine Oscillator",
    year = "2015",
    url = "http://faust.grame.fr/examples/2015/09/30/oscillator.html"}

@online{fauststk, 
    Author = "Romain Michon",
    Title = "The Faust-STK",
    Url = "https://ccrma.stanford.edu/~rmichon/faustSTK/"}

@article{lac_orlarey, 
    Author = {Orlarey Gr\"{a}f Kersten},
    Year = {},
    Url = {http://lac.zkm.de/2006/papers/lac2006_orlarey_et_al.pdf}}

@inbook{jost60, 
    Author = "Julius O. Smith III",
    Title = "Mathematics of the Discrete Fourier Transform",
    chapter = "Sinusoids and Exponentials",
    Url={https://ccrma.stanford.edu/~jos/mdft/Audio_Decay_Time_T60.html}}

@book{digitalfilters, 
    Author = {Julius O. Smith III},
    Title = {Introduction to Digital Filters},
    ISBN = {9780974560717},
    Url={https://ccrma.stanford.edu/~jos/fp/}}

@book{dftmaths, 
    Author = {Julius O. Smith III},
    Title = {Mathematics of the Discrete Fourier Transform},
    ISBN = {9780974560748},
    Url={https://ccrma.stanford.edu/~jos/mdft/}}

@online{elmerwebsite, Url="https://www.csc.fi/web/elmer"}

@online{elmerdoc, Url="http://www.nic.funet.fi/index/elmer/doc/ElmerTutorials_nonGUI.pdf"}

